@inproceedings{doucet2000rao,
    title={Rao-Blackwellised particle filtering for dynamic Bayesian networks},
    author={A. Doucet and N. De Freitas and K. Murphy and S. Russell},
    booktitle={Proceedings of the Sixteenth conference on Uncertainty in artificial intelligence},
    pages={176--183},
    year={2000},
    organization={Morgan Kaufmann Publishers Inc.}
}

@misc{gmapping,
    author={G. Grisetti and C. Stachniss and W. Burgard},
    title={GMapping},
    howpublished={[Online] https://openslam-org.github.io/gmapping.html},
    note={Accessed: 2019}
}

@inproceedings{grisetti2005improving,
    title={Improving grid-based slam with Rao-Blackwellized particle filters by adaptive proposals and selective resampling},
    author={G. Grisetti and C. Stachniss and W. Burgard},
    booktitle={Proceedings of the 2005 IEEE international conference on robotics and automation},
    pages={2432--2437},
    year={2005},
    organization={IEEE}
}

@article{grisetti2007improved,
    title={Improved techniques for grid mapping with Rao-Blackwellized particle filters},
    author={G. Grisetti and C. Stachniss and W. Burgard and others},
    journal={IEEE transactions on Robotics},
    volume={23},
    number={1},
    pages={34},
    year={2007}
}

@article{mcdermott20001998,
    title={The 1998 AI planning systems competition},
    author={D. M. McDermott},
    journal={AI magazine},
    volume={21},
    number={2},
    pages={35--35},
    year={2000}
}

@incollection{rovida2017skiros,
    title={SkiROS--A skill-based robot control platform on top of ROS},
    author={F. Rovida and M. Crosby and D. Holz and A. S. Polydoros and B. Gro{\ss}mann and R. PA Petrick and V. Kr{\"u}ger},
    booktitle={Robot Operating System (ROS)},
    pages={121--160},
    year={2017},
    publisher={Springer}
}
