@inproceedings{carra2018robotics,
    title={Robotics in the construction industry: state of the art and future opportunities},
    author={Carra, Guglielmo and Argiolas, Alfredo and Bellissima, Alessandro and Niccolini, Marta and Ragaglia, Matteo},
    booktitle={ISARC. Proceedings of the International Symposium on Automation and Robotics in Construction},
    volume={35},
    pages={1--8},
    year={2018},
    organization={IAARC Publications}
}

@article{delgado2019robotics,
    title={Robotics and automated systems in construction: Understanding industry-specific challenges for adoption},
    author={Delgado, Juan Manuel Davila and Oyedele, Lukumon and Ajayi, Anuoluwapo and Akanbi, Lukman and Akinade, Olugbenga and Bilal, Muhammad and Owolabi, Hakeem},
    journal={Journal of Building Engineering},
    volume={26},
    pages={100868},
    year={2019},
    publisher={Elsevier}
}

@inproceedings{eyerich2009using,
    title={Using the context-enhanced additive heuristic for temporal and numeric planning},
    author={Eyerich, Patrick and Mattm{\"u}ller, Robert and R{\"o}ger, Gabriele},
    booktitle={Nineteenth International Conference on Automated Planning and Scheduling},
    year={2009}
}

@inproceedings{fox2002kld,
    title={KLD-sampling: Adaptive particle filters},
    author={Fox, Dieter},
    booktitle={Advances in neural information processing systems},
    pages={713--720},
    year={2002}
}

@manual{skiros2,
    title={SkiROS2 Demo},
    author={Gro{\ss}mann, Bjarne},
    year={2019},
    url={https://github.com/Bjarne-AAU/skiros-demo}
}

@article{helmert2006fast,
    title={The fast downward planning system},
    author={Helmert, Malte},
    journal={Journal of Artificial Intelligence Research},
    volume={26},
    pages={191--246},
    year={2006}
}

@article{keerthanaa2013automatic,
    title={Automatic wall painting robot},
    author={Keerthanaa, P and Jeevitha, K and Navina, V and Indira, G and Jayamani, S},
    journal={International Journal of Innovative Research in Science, Engineering and Technology},
    volume={2},
    number={7},
    pages={3009--3023},
    year={2013}
}

@inproceedings{kuffner2000rrt,
    title={RRT-connect: An efficient approach to single-query path planning},
    author={Kuffner, James J and LaValle, Steven M},
    booktitle={Proceedings 2000 ICRA. Millennium Conference. IEEE International Conference on Robotics and Automation. Symposia Proceedings (Cat. No. 00CH37065)},
    volume={2},
    pages={995--1001},
    year={2000},
    organization={IEEE}
}

@article{nigl2013structure,
    title={Structure-reconfiguring robots: Autonomous truss reconfiguration and manipulation},
    author={Nigl, Franz and Li, Shuguang and Blum, Jeremy E and Lipson, Hod},
    journal={IEEE Robotics \& Automation Magazine},
    volume={20},
    number={3},
    pages={60--71},
    year={2013},
    publisher={IEEE}
}

@inproceedings{parker2003blind,
    title={Blind bulldozing: Multiple robot nest construction},
    author={Parker, Chris AC and Zhang, Hong and Kube, C Ronald},
    booktitle={Proceedings 2003 IEEE/RSJ International Conference on Intelligent Robots and Systems (IROS 2003)(Cat. No. 03CH37453)},
    volume={2},
    pages={2010--2015},
    year={2003},
    organization={IEEE}
}

@inproceedings{rosmann2012trajectory,
    title={Trajectory modification considering dynamic constraints of autonomous robots},
    author={R{\"o}smann, Christoph and Feiten, Wendelin and W{\"o}sch, Thomas and Hoffmann, Frank and Bertram, Torsten},
    booktitle={ROBOTIK 2012; 7th German Conference on Robotics},
    pages={1--6},
    year={2012},
    organization={VDE}
}

@incollection{rovida2017skiros,
    title={SkiROSâ€”a skill-based robot control platform on top of ROS},
    author={Rovida, Francesco and Crosby, Matthew and Holz, Dirk and Polydoros, Athanasios S and Gro{\ss}mann, Bjarne and Petrick, Ronald PA and Kr{\"u}ger, Volker},
    booktitle={Robot Operating System (ROS)},
    pages={121--160},
    year={2017},
    publisher={Springer}
}

@article{singh2018arduino,
    title={Arduino based multi-function paint robot machine},
    author={Singh, Shivangi and Pradesh, Uttar and Singh, Pritam Kumar and Kapoor, Shivansh},
    year={2018}
}

@article{werfel2014designing,
    title={Designing collective behavior in a termite-inspired robot construction team},
    author={Werfel, Justin and Petersen, Kirstin and Nagpal, Radhika},
    journal={Science},
    volume={343},
    number={6172},
    pages={754--758},
    year={2014},
    publisher={American Association for the Advancement of Science}
}

% @inproceedings{wismer2012autonomous,
%     title={Autonomous construction of a roofed structure: Synthesizing planning and stigmergy on a mobile robot},
%     author={Wismer, Stefan and Hitz, Gregory and Bonani, Michael and Gribovskiy, Alexey and Magnenat, St{\'e}phane},
%     booktitle={2012 IEEE/RSJ International Conference on Intelligent Robots and Systems},
%     pages={5436--5437},
%     year={2012},
%     organization={IEEE}
% }

@misc{grisetti_gmapping,
    title={GMapping},
    author={Grisetti, Giorgio and Stachniss, Cyrill and Burgard, Wolfram},
    year={2012},
    url={https://openslam-org.github.io/gmapping.html}
}

@article{ieee2015cora,
    journal={IEEE Std 1872-2015},
    title={IEEE Standard Ontologies for Robotics and Automation},
    year={2015},
    pages={1-60},
    doi={10.1109/IEEESTD.2015.7084073}
}

@manual{ros_melodic,
    title={ROS Melodic Morenia},
    year={2019},
    note={Version 1.14.5},
    url={http://wiki.ros.org/melodic},
}

@manual{moveit,
    title={MoveIt Motion Planning Framework},
    year={2018},
    note={ROS package version 1.0.2},
    url={https://moveit.ros.org/}
}

@manual{trac_ik,
    title={TRAC-IK},
    author={Beeson, Patrick and Ames, Barrett},
    year={2019},
    note={ROS package version 1.5.1},
    url={http://wiki.ros.org/trac\_ik}
}

@manual{navigation_stack,
    title={Navigation Stack},
    author={Marder-Eppstein, Eitan},
    year={2020},
    note={ROS package version 1.16.5},
    url={http://wiki.ros.org/navigation}
}

@manual{gmapping,
    title={GMapping},
    author={Gerkey, Brian},
    year={2020},
    note={ROS package version 1.4.1},
    url={http://wiki.ros.org/gmapping}
}

@manual{amcl,
    title={AMCL},
    author={Gerkey, Brian P. and contradict@gmail.com},
    year={2020},
    note={ROS package version 1.16.5},
    url={http://wiki.ros.org/amcl}
}

@manual{navfn,
    title={navfn},
    author={Konolige, Kurt and Marder-Eppstein, Eitan and contradict@gmail.com},
    year={2020},
    note={ROS package version 1.16.5},
    url={http://wiki.ros.org/navfn}
}

@manual{teb,
    title={Timed Elastic Band Local Planner},
    author={R{\"o}smann, Cristoph},
    year={2019},
    note={ROS package version 0.8.4},
    url={http://wiki.ros.org/teb_local_planner}
}

@misc{sumo,
    title={Suggested Upper Merged Ontology (SUMO)},
    author={Pease, Adam},
    year={2020},
    url={http://www.adampease.org/OP/index.html}
}

@misc{gazebo,
    title={Gazebo},
    year={2018},
    note={Version 9.0.0},
    url={http://gazebosim.org/}
}
